%% start of file `jdoe_publications.bib'.
%% Copyright 2006 Xavier Danaux (xdanaux<AT>gmail.com).
%
% This work may be distributed and/or modified under the
% conditions of the LaTeX Project Public License version 1.3c,
% available at http://www.latex-project.org/lppl/.

@INCOLLECTION{springerlink:10.1007/978-90-481-3517-2_25,
   author = {Ravikiran, J. and Mahesh, Kavi and Mahishi, Suhas and Dheeraj, R. and Sudheender, S. and Pujari, Nitin V.},
   affiliation = {PES Institute of Technology Department of Computer Science and Engineering Ring Road, Banashankari 3rd Stage Bangalore 560085 India},
   title = {Automatic Recognition of Sign Language Images},
   booktitle = {Intelligent Automation and Computer Engineering},
   series = {Lecture Notes in Electrical Engineering},
   publisher = {Springer Netherlands},
   isbn = {978-90-481-3517-2},
   keyword = {Engineering},
   pages = {321-332},
   volume = {52},
   year = {2010}
}

@INPROCEEDINGS{Ravikiran_Mahesh_Mahishi_Dheeraj_Sudheender_Pujari_2009,
    author={Ravikiran, J and Mahesh, Kavi and Mahishi, Suhas and Dheeraj, R and Sudheender, S and Pujari, Nitin V},
    title={Finger Detection for Sign Language Recognition},
    booktitle={Proceedings of the International MultiConference of Engineers and Computer Scientists 2009},
    year={2009}, 
    volume={I}, 
    publisher={International MultiConference of Engineers and Computer Scientists},
    pages={489--493}
}
%% end of file `ravikiranj_publications.bib'.
